<record><leader>00000cas a22000007a 4500</leader><controlfield tag="001">10493691</controlfield><controlfield tag="008">840307d18521857moudn ne      0    0eng  </controlfield><controlfield tag="009">466</controlfield><datafield ind1=" " ind2=" " tag="010"><subfield code="a">sn 84020229 </subfield></datafield><datafield ind1=" " ind2=" " tag="040"><subfield code="a">DLC</subfield><subfield code="b">eng</subfield><subfield code="c">DLC</subfield><subfield code="d">NPX</subfield><subfield code="d">MQN</subfield><subfield code="d">OCL</subfield><subfield code="d">OCLCO</subfield><subfield code="d">OCLCF</subfield></datafield><datafield ind1="1" ind2=" " tag="029"><subfield code="a">AU@</subfield><subfield code="b">000020227940</subfield></datafield><datafield ind1=" " ind2=" " tag="042"><subfield code="a">msc</subfield></datafield><datafield ind1="0" ind2="0" tag="050"><subfield code="a">Newspaper 8583-X</subfield></datafield><datafield ind1="0" ind2=" " tag="130"><subfield code="a">Saint Louis daily evening news (Saint Louis, Mo. : 1852)</subfield></datafield><datafield ind1="0" ind2="4" tag="245"><subfield code="a">The Saint Louis daily evening news.</subfield></datafield><datafield ind1="1" ind2="3" tag="246"><subfield code="a">Evening news</subfield></datafield><datafield ind1=" " ind2=" " tag="260"><subfield code="a">Saint Louis [Mo.] :</subfield><subfield code="b">Charles G. Ramsey &amp; Co.,</subfield><subfield code="c">1852-1857.</subfield></datafield><datafield ind1=" " ind2=" " tag="300"><subfield code="a">v. ;</subfield><subfield code="c">68 cm.</subfield></datafield><datafield ind1=" " ind2=" " tag="310"><subfield code="a">Daily (except Sun.)</subfield></datafield><datafield ind1="0" ind2=" " tag="362"><subfield code="a">Vol. 1, no. 1 (Apr. 17, 1852)-v. 6, no. 151 (Oct. 12, 1857).</subfield></datafield><datafield ind1=" " ind2="0" tag="651"><subfield code="a">Saint Louis (Mo.)</subfield><subfield code="v">Newspapers.</subfield></datafield><datafield ind1=" " ind2="7" tag="655"><subfield code="a">Newspapers.</subfield><subfield code="2">fast</subfield><subfield code="0">(OCoLC)fst01423814</subfield></datafield><datafield ind1=" " ind2="7" tag="651"><subfield code="a">Missouri</subfield><subfield code="z">Saint Louis.</subfield><subfield code="2">fast</subfield><subfield code="0">(OCoLC)fst01204930</subfield></datafield><datafield ind1=" " ind2=" " tag="752"><subfield code="a">United States</subfield><subfield code="b">Missouri</subfield><subfield code="d">Saint Louis.</subfield></datafield><datafield ind1="0" ind2=" " tag="775"><subfield code="t">Saint Louis weekly news</subfield><subfield code="w">(DLC)sn 89067666</subfield></datafield><datafield ind1="0" ind2="0" tag="780"><subfield code="t">St. Louis intelligencer (Saint Louis, Mo. : Evening ed.)</subfield><subfield code="w">(DLC)sn 94055183</subfield></datafield><datafield ind1="0" ind2="7" tag="785"><subfield code="t">Daily Saint Louis intelligencer</subfield><subfield code="w">(DLC)sn 84020166</subfield></datafield><datafield ind1="0" ind2="7" tag="785"><subfield code="t">Saint Louis daily evening news and intelligencer</subfield><subfield code="w">(DLC)sn 87052222</subfield></datafield></record>